@book {wang,
    AUTHOR = {Wang, C.},
     TITLE = {Sense and nonsense of statistical inference},
    SERIES = {Popular Statistics},
    VOLUME = {6},
      NOTE = {Controversy, misuse, and subtlety},
 PUBLISHER = {Marcel Dekker, Inc., New York},
      YEAR = {1993},
     PAGES = {xvi+244},
      ISBN = {0-8247-8798-6},
   MRCLASS = {62A99},
  MRNUMBER = {1259053},
MRREVIEWER = {Eugenio\ Regazzini},
}

@book{smullyan,
  title={What is the name of this book? The riddle of Dracula and other logical puzzles},
  author={Smullyan, R. M.},
  year={1978}
}

@article{brown,
AUTHOR = {Brown, B.},
YEAR = {1933},
TITLE = {Solution to Problem E36},
JOURNAL ={Amer. Math. Monthly},
VOLUME = {40},
PAGES ={607}
}

@article {nacu-peres,
    AUTHOR = {Nacu, \c{S}. and Peres, Y.},
     TITLE = {Fast simulation of new coins from old},
   JOURNAL = {Ann. Appl. Probab.},
  FJOURNAL = {The Annals of Applied Probability},
    VOLUME = {15},
      YEAR = {2005},
    NUMBER = {1A},
     PAGES = {93--115},
      ISSN = {1050-5164,2168-8737},
   MRCLASS = {60C05 (65C50)},
  MRNUMBER = {2115037},
MRREVIEWER = {Ralph\ Neininger},
       DOI = {10.1214/105051604000000549},
       URL = {https://doi.org/10.1214/105051604000000549},
}

@book {berlekamp-rodgers,
     TITLE = {The mathemagician and pied puzzler},
    EDITOR = {Berlekamp, Elwyn and Rodgers, Tom},
      NOTE = {A collection in tribute to Martin Gardner,
              Papers from the Gathering for Gardner Meeting (G4G1) held in
              Atlanta, GA, January 1993},
 PUBLISHER = {A K Peters, Ltd., Natick, MA},
      YEAR = {1999},
     PAGES = {x+266},
      ISBN = {1-56881-075-X},
   MRCLASS = {00A08 (00B30)},
  MRNUMBER = {1678000},
MRREVIEWER = {E.\ J.\ Barbeau},
%title={Puzzles from around the world},
%  author={Hess, Richard I},
}

@article {berlekamp-buhle,
AUTHOR = {E. Berlekamp and J. P. Buhler},
YEAR = {1999â€“2007},
TITLE = {Puzzle Column},
JOURNAL = {Emissary},
NOTE={Newsletter of the Mathematical Sciences Research Institute, Berkeley,
CA}
}




@MISC {agol,
    TITLE = {Curves on potatoes},
    AUTHOR = {Ian Agol},
    HOWPUBLISHED = {MathOverflow},
    NOTE = {URL:https://mathoverflow.net/q/363950 (version: 2020-06-23)},
    EPRINT = {https://mathoverflow.net/q/363950},
    URL = {https://mathoverflow.net/q/363950}
}
